@misc{gebru2020datasheets,
      title={Datasheets for Datasets}, 
      author={Timnit Gebru and Jamie Morgenstern and Briana Vecchione and Jennifer Wortman Vaughan and Hanna Wallach and Hal Daum√© III au2 and Kate Crawford},
      year={2020},
      eprint={1803.09010},
      archivePrefix={arXiv},
      primaryClass={cs.DB}
}