@Manual{R,
  title = {R: A Language and Environment for Statistical Computing},
  author = {{R Core Team}},
  organization = {R Foundation for Statistical Computing},
  address = {Vienna, Austria},
  year = {2020},
  url = {https://www.R-project.org/},
}

@Article{tidyverse,
    title = {Welcome to the {tidyverse}},
    author = {Hadley Wickham and Mara Averick and Jennifer Bryan and Winston Chang and Lucy D'Agostino McGowan and Romain François and Garrett Grolemund and Alex Hayes and Lionel Henry and Jim Hester and Max Kuhn and Thomas Lin Pedersen and Evan Miller and Stephan Milton Bache and Kirill Müller and Jeroen Ooms and David Robinson and Dana Paige Seidel and Vitalie Spinu and Kohske Takahashi and Davis Vaughan and Claus Wilke and Kara Woo and Hiroaki Yutani},
    year = {2019},
    journal = {Journal of Open Source Software},
    volume = {4},
    number = {43},
    pages = {1686},
    doi = {10.21105/joss.01686},
}

@Manual{R-knitr,
  title = {knitr: A General-Purpose Package for Dynamic
    Report Generation in R},
  author = {Yihui Xie},
  note = {R package version 1.30.2},
  url = {https://yihui.org/knitr/},
  year = {2020},
}

@Manual{R-rmarkdown,
  title = {rmarkdown: Dynamic Documents for R},
  author = {JJ Allaire and Yihui Xie and Jonathan McPherson
    and Javier Luraschi and Kevin Ushey and Aron Atkins
    and Hadley Wickham and Joe Cheng and Winston Chang and
    Richard Iannone},
  year = {2020},
  note = {R package version 2.5},
  url = {https://github.com/rstudio/rmarkdown},
}

@Manual{data.table,
    title = {data.table: Extension of `data.frame`},
    author = {Matt Dowle and Arun Srinivasan},
    year = {2019},
    note = {R package version 1.12.8},
    url = {https://CRAN.R-project.org/package=data.table},
}

@Manual{here,
    title = {here: A Simpler Way to Find Your Files},
    author = {Kirill Müller},
    year = {2017},
    note = {R package version 0.1},
    url = {https://CRAN.R-project.org/package=here},
}

@Manual{kableExtra,
  title = {kableExtra: Construct Complex Table with 'kable' and Pipe Syntax},
  author = {Hao Zhu},
  year = {2020},
  note = {R package version 1.3.1},
  url = {https://CRAN.R-project.org/package=kableExtra},
}

@Manual{readxl,
    title = {readxl: Read Excel Files},
    author = {Hadley Wickham and Jennifer Bryan},
    year = {2019},
    note = {R package version 1.3.1},
    url = {https://CRAN.R-project.org/package=readxl},
  }

@Manual{rvest,
    title = {rvest: Easily Harvest (Scrape) Web Pages},
    author = {Wickham, Hadley},
    year = {2019},
    note = {R package version 0.3.5},
    url = {https://CRAN.R-project.org/package=rvest},
  }

@Manual{SnowballC,
    title = {SnowballC: Snowball Stemmers Based on the C 'libstemmer' UTF-8 Library},
    author = {Milan Bouchet-Valat},
    year = {2019},
    note = {R package version 0.6.0},
    url = {https://CRAN.R-project.org/package=SnowballC},
  }  
  
@Article{lubridate,
    title = {Dates and Times Made Easy with {lubridate}},
    author = {Garrett Grolemund and Hadley Wickham},
    journal = {Journal of Statistical Software},
    year = {2011},
    volume = {40},
    number = {3},
    pages = {1--25},
    url = {https://www.jstatsoft.org/v40/i03/},
  }

@Manual{xml2,
    title = {xml2: Parse XML},
    author = {Hadley Wickham and Jim Hester and Jeroen Ooms},
    year = {2020},
    note = {R package version 1.3.2},
    url = {https://CRAN.R-project.org/package=xml2},
  }

@Article{plyr,
    title = {The Split-Apply-Combine Strategy for Data Analysis},
    author = {Hadley Wickham},
    journal = {Journal of Statistical Software},
    year = {2011},
    volume = {40},
    number = {1},
    pages = {1--29},
    url = {http://www.jstatsoft.org/v40/i01/},
  }

@Book{ggplot2,
    author = {Wickham, Hadley},
    title = {ggplot2: Elegant Graphics for Data Analysis},
    publisher = {Springer-Verlag New York},
    year = {2016},
    isbn = {978-3-319-24277-4},
    url = {https://ggplot2.tidyverse.org},
  }

@Manual{ggradar,
    title = {ggradar: Create radar charts using ggplot2},
    author = {Ricardo Bion},
    year = {2019},
    note = {R package version 0.2},
    url = {https://github.com/ricardo-bion/ggradar},
  }

@Manual{ggthemes,
    title = {ggthemes: Extra Themes, Scales and Geoms for 'ggplot2'},
    author = {Jeffrey B. Arnold},
    year = {2019},
    note = {R package version 4.2.0},
    url = {https://CRAN.R-project.org/package=ggthemes},
  }

@Manual{shiny,
    title = {shiny: Web Application Framework for R},
    author = {Winston Chang and Joe Cheng and JJ Allaire and Yihui Xie and Jonathan McPherson},
    year = {2019},
    note = {R package version 1.4.0},
    url = {https://CRAN.R-project.org/package=shiny},
  }

@Manual{shinydashboard,
    title = {shinydashboard: Create Dashboards with 'Shiny'},
    author = {Winston Chang and Barbara {Borges Ribeiro}},
    year = {2018},
    note = {R package version 0.7.1},
    url = {https://CRAN.R-project.org/package=shinydashboard},
  }

@Manual{shinydashboardPlus,
    title = {shinydashboardPlus: Add More 'AdminLTE2' Components to 'shinydashboard'},
    author = {David Granjon},
    year = {2021},
    note = {R package version 2.0.0},
    url = {https://CRAN.R-project.org/package=shinydashboardPlus},
  }

@Manual{tidymodels,
    title = {Tidymodels: a collection of packages for modeling and machine learning using tidyverse principles.},
    author = {Max Kuhn and Hadley Wickham},
    url = {https://www.tidymodels.org},
    year = {2020},
  }
  
 @Manual{DiagrammeR,
    title = {DiagrammeR: Graph/Network Visualization},
    author = {Richard Iannone},
    year = {2020},
    note = {R package version 1.0.6.1},
    url = {https://CRAN.R-project.org/package=DiagrammeR},
  }
 
@Article{rworldmap,
    author = {Andy South},
    title = {rworldmap: A New R package for Mapping Global Data},
    journal = {The R Journal},
    year = {2011},
    volume = {3},
    number = {1},
    pages = {35-43},
    month = {June},
    issn = {2073-4859},
    url = {http://journal.r-project.org/archive/2011-1/RJournal_2011-1_South.pdf},
  }

@Manual{bookdown,
    title = {bookdown: Authoring Books and Technical Documents with R Markdown},
    author = {Yihui Xie},
    year = {2020},
    note = {R package version 0.21},
    url = {https://github.com/rstudio/bookdown},
  }

@Manual{xgboost,
    title = {xgboost: Extreme Gradient Boosting},
    author = {Tianqi Chen and Tong He and Michael Benesty and Vadim Khotilovich and Yuan Tang and Hyunsu Cho and Kailong Chen and Rory Mitchell and Ignacio Cano and Tianyi Zhou and Mu Li and Junyuan Xie and Min Lin and Yifeng Geng and Yutian Li},
    year = {2021},
    note = {R package version 1.3.2.1},
    url = {https://CRAN.R-project.org/package=xgboost},
  }

@Misc{doFuture,
    author = {Henrik Bengtsson},
    title = {doFuture: A Unifying Framework for Parallel and Distributed Processing in R using Futures},
    year = {2020},
    month = {aug},
    eprint = {2008.00553},
    archiveprefix = {arXiv},
    primaryclass = {cs.DC},
    url = {https://arxiv.org/abs/2008.00553},
  }

@Manual{sqldf,
    title = {sqldf: Manipulate R Data Frames Using SQL},
    author = {G. Grothendieck},
    year = {2017},
    note = {R package version 0.4-11},
    url = {https://CRAN.R-project.org/package=sqldf},
  }

@Manual{rgdal,
    title = {rgdal: Bindings for the 'Geospatial' Data Abstraction Library},
    author = {Roger Bivand and Tim Keitt and Barry Rowlingson},
    year = {2021},
    note = {R package version 1.5-23},
    url = {https://CRAN.R-project.org/package=rgdal},
  }

@Manual{RColorBrewer,
    title = {RColorBrewer: ColorBrewer Palettes},
    author = {Erich Neuwirth},
    year = {2014},
    note = {R package version 1.1-2},
    url = {https://CRAN.R-project.org/package=RColorBrewer},
  }

@misc{TastingWheel, 
	url={https://sca.coffee/research/coffee-tasters-flavor-wheel},
	 title={The Coffee Taster's Flavor Wheel}, 
	 author={Specialty Coffee Association,}, 
	 year={2016}
} 

@misc{CuppingProtocols, 
	url={https://sca.coffee/research/protocols-best-practices},
	 title={Protocols & Best Practices}, 
	 author={Specialty Coffee Association,}, 
	 year={2003}
} 

@misc{VarietyCatalog, 
	title={Arabica Coffee Varieties}, 
	url={https://varieties.worldcoffeeresearch.org/varieties}, 
	author={World Coffee Research,},
	year={2019}
} 

@misc{SensoryLexicon, 
	title={World Coffee Research Sensory Lexicon 2.0}, 
	url={https://worldcoffeeresearch.org/media/documents/20170622_WCR_Sensory_Lexicon_2-0.pdf}, 
	author={World Coffee Research,}, 
	year={2017}, 
	month={Oct}
}

@book{Hoffmann_2018, 
	place={Buffalo, NY}, 
	title={The world atlas of coffee: from beans to brewing -- coffees explored, explained and enjoyed}, 
	publisher={Firefly Books Inc.}, 
	author={Hoffmann, James}, 
	year={2018}
}

@article{Modelcards,
   title={Model Cards for Model Reporting},
   ISBN={9781450361255},
   url={http://dx.doi.org/10.1145/3287560.3287596},
   DOI={10.1145/3287560.3287596},
   journal={Proceedings of the Conference on Fairness, Accountability, and Transparency},
   publisher={ACM},
   author={Mitchell, Margaret and Wu, Simone and Zaldivar, Andrew and Barnes, Parker and Vasserman, Lucy and Hutchinson, Ben and Spitzer, Elena and Raji, Inioluwa Deborah and Gebru, Timnit},
   year={2019},
   month={Jan}
}

@misc{Datasheets,
      title={Datasheets for Datasets}, 
      author={Timnit Gebru and Jamie Morgenstern and Briana Vecchione and Jennifer Wortman Vaughan and Hanna Wallach and Hal Daumé III au2 and Kate Crawford},
      year={2020},
      eprint={1803.09010},
      archivePrefix={arXiv},
      primaryClass={cs.DB}
}

@book{Pendergrast_2019, 
	place={New York}, 
	title={Uncommon grounds: the history of coffee and how it transformed our world}, 
	publisher={Basic Books}, 
	author={Pendergrast, Mark}, 
	year={2019}
}

 @article{Bhumiratana_Adhikari_Chambers_2011, 
 	title={Evolution of sensory aroma attributes from coffee beans to brewed coffee}, volume={44}, ISSN={00236438}, 
	DOI={10.1016/j.lwt.2011.07.001}, number={10}, journal={LWT - Food Science and Technology}, 
	author={Bhumiratana, Natnicha and Adhikari, Koushik and Chambers, Edgar}, year={2011}, month={Dec}, pages={2185–2192} 
}

 @article{Conley_Wilson_2018, 
 	title={Coffee Terroir: Cupping Description Profiles and Their Impact Upon Prices in Central American Coffees}, 
	ISSN={03432521}, DOI={http://dx.doi.org/10.1007/s10708-018-9949-1},journal={GeoJournal; Dordrecht}, 
	author={Conley, Jamison and Wilson, Bradley}, year={2018}, pages={1–13}
}
 
 @article{Croijmans_Majid_2016, 
 	title={Not All Flavor Expertise Is Equal: The Language of Wine and Coffee Experts}, volume={11}, 
	ISSN={1932-6203}, DOI={10.1371/journal.pone.0155845}, number={6}, journal={PLOS ONE}, 
	author={Croijmans, Ilja and Majid, Asifa}, editor={Simon, Sidney Arthur}, year={2016}, month={Jun}, pages={e0155845} 
}
 
 @article{Goldstein_2011, 
 	title={The “Coffee Doctors”: The Language of Taste and the Rise of Rwanda’s Specialty Bean Value}, 
	volume={19}, ISSN={0740-9710}, DOI={10.1080/07409710.2011.544226}, number={1}, journal={Food and Foodways}, 
	author={Goldstein, Jenny Elaine}, year={2011}, month={Jan}, pages={135–159} 
}
 
 @article{Traore_Wilson_2018, 
 	title={What Explains Specialty Coffee Quality Scores and Prices: A Case Study from the Cup of Excellence Program}, 
	volume={50}, ISSN={10740708}, DOI={http://dx.doi.org/10.1017/aae.2018.5}, number={3}, 
	journal={Journal of Agricultural and Applied Economics; Baton Rouge}, 
	author={Traore, Togo M.  and Wilson, Norbert and Fields, Deacue}, year={2018}, month={Aug}, pages={349–368} 
}

@misc{Gagne,
	 title={How Coffee Varietals and Processing Affect Taste}, 
	 url={https://coffeeadastra.com/2019/07/23/how-coffee-varietals-and-processing-affect-taste-2/}, 
	 journal={Coffee ad Astra}, 
	 author={Gagné, J}, 
	 year={2019}, 
	 month={Sep}
}

@article{Rosenberg_Swilling_Vermeulen_2018, 
	title={Practices of Third Wave Coffee: A Burundian Producer’s Perspective: Practices of Third Wave Coffee: A Burundian Producer’s Perspective}, 
	volume={27}, ISSN={09644733}, DOI={10.1002/bse.2010}, number={2}, 
	journal={Business Strategy and the Environment}, 
	author={Rosenberg, Lauren and Swilling, Mark and Vermeulen, Walter J V}, year={2018}, month={Feb}, pages={199–214} 
}
