@article{2019modelcard, 
      title={Model Cards for Model Reporting}, 
      url={https://arxiv.org/pdf/1810.03993.pdf}, 
      DOI={10.1145/3287560.3287596}, 
      journal={Proceedings of the Conference on Fairness, Accountability, and Transparency}, 
      author={Mitchell, Margaret and Wu, Simone and Zaldivar, Andrew and Barnes, Parker and Vasserman, Lucy and Hutchinson, Ben and Spitzer, Elena and Raji, Inioluwa Deborah and Gebru, Timnit}, 
      year={2019}
},

@Manual{tidymodels,    title = {Tidymodels: a collection of packages for modeling and machine learning using tidyverse principles.},    author = {Max Kuhn and Hadley Wickham},    url = {https://www.tidymodels.org},    year = {2020},  }